@book{foundationsCVbook,
  title={Foundations of Computer Vision},
  author={Torralba, A. and Isola, P. and Freeman, W.T.},
  isbn={9780262378666},
  lccn={2023024589},
  series={Adaptive Computation and Machine Learning series},
  url={https://mitpress.mit.edu/9780262048972/foundations-of-computer-vision/},
  year={2024},
  publisher={MIT Press}
}